@article{Prosser93Hybrid,
 author = {Patrick Prosser},
 title = {Hybrid Algorithms For the Constraint Satisfaction Problem},
 journal = {Computational Intelligence},
 year = {1993},
 volume = {9},
 number = {3},
 pages = {268--299},
}
@article{beasley1990scheduling,
  title={Scheduling Aircraft Landingsâ€” The Static Case},
  author={Beasley, J. E. and Krishnamoorthy, M. and Sharaiha, Y. M. and Abramson, D.},
  year={1990}
}

@article{beasley2004,
  author = {Beasley, J. E. and Krishnamoorthy, M. and Sharaiha, Y. M. and Abramson, D.},
  title = {Displacement problem and dynamically scheduling aircraft landings},
  journal = {Journal of the Operational Research Society},
  volume = {55},
  number = {1},
  pages = {54-64},
  year = {2004},
  doi = {10.1057/palgrave.jors.2601650},
  url = {https://doi.org/10.1057/palgrave.jors.2601650}
}
@article{pollack1974,
  author = {Pollack, Maurice},
  title = {Some aspects of the aircraft scheduling problem},
  journal = {Transportation Research},
  volume = {8},
  number = {3},
  pages = {233-243},
  year = {1974},
  doi = {10.1016/0041-1647(74)90010-0},
  url = {https://doi.org/10.1016/0041-1647(74)90010-0}
}
@article{Bencheikh2009,
    author = {Bencheikh, Ghizlane and Boukachour, Jaouad and Khoukhi, Fatima and Alaoui, Ahmed},
    year = {2009},
    month = {08},
    pages = {78 - 88},
    title = {Hybrid method for aircraft landing scheduling based on a Job Shop formulation},
    volume = {9},
    journal = {International Journal of Computer Science and Network Security}
}
@article{Colorni1994,
    author = {Colorni, Alberto and Dorigo, Marco and Maniezzo, Vittorio and Trubian, Marco},
    year = {1994},
    month = {01},
    pages = {},
    title = {Ant system for job-shop scheduling},
    volume = {34},
    journal = {STATISTICS AND COMPUTER SCIENCE}
}
@inproceedings{awasthi2013aircraft,
  title={Aircraft Landing Problem: An Efficient Algorithm for a Given Landing Sequence},
  author={Awasthi, Abhinav and Kramer, Oliver and Lassig, J{\"o}rn},
  booktitle={2013 IEEE 16th International Conference on Computational Science and Engineering},
  year={2013},
  doi={10.1109/cse.2013.14}
}
@article{salehipour2018algorithm,
  title={An Algorithm for Single--And Multiple-Runway Aircraft Landing Problem},
  author={Salehipour, Amir},
  year={2018},
  month={5},
  day={24},
  url={https://ssrn.com/abstract=3313815},
  doi={10.2139/ssrn.3313815}
}